@online{http_methods,
    author = "Cameron McKenzie",
    title = "HTTP request methods explained",
    year = "2023",
    url = "https://www.theserverside.com/blog/Coffee-Talk-Java-News-Stories-and-Opinions/HTTP-methods",
    keywords = "http"
}

@online{http_codes,
    author = "MDN Web Docs",
    title = "HTTP response status codes",
    year = "2025",
    url = "https://developer.mozilla.org/en-US/docs/Web/HTTP/Reference/Status",
    keywords = "http"
}

@online{client_server_communication,
    author = "Larry|Peng Yang",
    title = "System Design â€” Client-Server Communication",
    year = "2020",
    url = "https://medium.com/must-know-computer-science/system-design-client-server-communication-674818ca448d",
    keywords = "client,server"
}